<record xmlns="http://www.loc.gov/MARC21/slim">
   <leader>01432nam a2200361 i 4500</leader>
   <controlfield tag="001">6748980</controlfield>
   <controlfield tag="003">FlBoTFG</controlfield>
   <controlfield tag="005">20141121161956.0</controlfield>
   <controlfield tag="006">m|||||o||d||||||||</controlfield>
   <controlfield tag="007">cr||||</controlfield>
   <controlfield tag="008">141121t20152015fluac   of    001 0 eng d</controlfield>
   <datafield ind1=" " ind2=" " tag="020">
      <subfield code="a">9781482243338 (e-book : PDF)</subfield>
   </datafield>
   <datafield ind1=" " ind2=" " tag="035">
      <subfield code="a">ocn893680408</subfield>
   </datafield>
   <datafield ind1=" " ind2=" " tag="039">
      <subfield code="a">exclude</subfield>
   </datafield>
   <datafield ind1=" " ind2=" " tag="040">
      <subfield code="a">FlBoTFG</subfield>
      <subfield code="b">eng</subfield>
      <subfield code="c">FlBoTFG</subfield>
      <subfield code="e">rda</subfield>
      <subfield code="d">AEU</subfield>
   </datafield>
   <datafield ind1=" " ind2="4" tag="050">
      <subfield code="a">TK7895.B87</subfield>
      <subfield code="b">D46 2015</subfield>
   </datafield>
   <datafield ind1=" " ind2=" " tag="090">
      <subfield code="a">Internet Access</subfield>
      <subfield code="b">AEU</subfield>
   </datafield>
   <datafield ind1="1" ind2=" " tag="100">
      <subfield code="a">Deming, David A.,</subfield>
      <subfield code="e">author.</subfield>
   </datafield>
   <datafield ind1="1" ind2="4" tag="245">
      <subfield code="a">The essential guide to Serial ATA and SATA express /</subfield>
      <subfield code="c">David A. Deming.</subfield>
   </datafield>
   <datafield ind1=" " ind2="1" tag="264">
      <subfield code="a">Boca Raton, FL :</subfield>
      <subfield code="b">CRC Press,</subfield>
      <subfield code="c">[2015]</subfield>
   </datafield>
   <datafield ind1=" " ind2="4" tag="264">
      <subfield code="c">©2015</subfield>
   </datafield>
   <datafield ind1=" " ind2=" " tag="300">
      <subfield code="a">1 online resource.</subfield>
   </datafield>
   <datafield ind1=" " ind2=" " tag="336">
      <subfield code="a">text</subfield>
      <subfield code="2">rdacontent</subfield>
   </datafield>
   <datafield ind1=" " ind2=" " tag="337">
      <subfield code="a">computer</subfield>
      <subfield code="2">rdamedia</subfield>
   </datafield>
   <datafield ind1=" " ind2=" " tag="338">
      <subfield code="a">online resource</subfield>
      <subfield code="2">rdacarrier</subfield>
   </datafield>
   <datafield ind1=" " ind2=" " tag="500">
      <subfield code="a">"An Auerbach book."</subfield>
   </datafield>
   <datafield ind1=" " ind2=" " tag="500">
      <subfield code="a">Includes index.</subfield>
   </datafield>
   <datafield ind1="0" ind2=" " tag="505">
      <subfield code="a">Introduction -- SATA technical overview -- SATA application layer -- SATA transport layer -- SATA link layer -- Physical layer -- Error handling -- Cables and connectors -- Port multipliers and selectors -- Software and drivers.</subfield>
   </datafield>
   <datafield ind1=" " ind2=" " tag="596">
      <subfield code="a">44</subfield>
   </datafield>
   <datafield ind1=" " ind2="0" tag="650">
      <subfield code="a">Microcomputers</subfield>
      <subfield code="x">Buses</subfield>
      <subfield code="v">Handbooks, manuals, etc.</subfield>
   </datafield>
   <datafield ind1="4" ind2="0" tag="856">
      <subfield code="3">University of Alberta Access</subfield>
      <subfield code="u">http://marc.crcnetbase.com/isbn/9781482243338</subfield>
      <subfield code="z">(Unlimited Concurrent Users)</subfield>
   </datafield>
   <datafield ind1=" " ind2=" " tag="949">
      <subfield code="h">UAIN</subfield>
      <subfield code="z">CRC</subfield>
   </datafield>
   <datafield ind1=" " ind2=" " tag="926">
      <subfield code="a">Internet Access</subfield>
      <subfield code="w">LC</subfield>
      <subfield code="c">1</subfield>
      <subfield code="i">6748980-1001</subfield>
      <subfield code="l">INTERNET</subfield>
      <subfield code="m">UAINTERNET</subfield>
      <subfield code="r">Y</subfield>
      <subfield code="s">Y</subfield>
      <subfield code="t">E-RESOURCE</subfield>
      <subfield code="u">12/2/2014</subfield>
      <subfield code="x">E-BOOK</subfield>
      <subfield code="z">CRC</subfield>
   </datafield>
</record>
